@misc{OPEnSLab,
  author="OPEnS",
  title="{OPEnS Lab}",
  note= {\url{http://www.open-sensing.org/#intro
}, accessed 11-2-2018},
}
@misc{Knock,
    author="Arduino",
    title="{Arduino Knock Example}",
    note= {\url{https://www.arduino.cc/en/Tutorial/Knock
    }, accessed 11-26-2018},
}
@misc{PushingBox,
    author="OPEnS Lab",
    title="PushingBox to Google Sheet pipeline",
    note= {\url{https://github.com/OPEnSLab-OSU/InternetOfAg/tree/master/PushingBox
    }, accessed 11-26-2018},
}