@misc{Basic,
  author="Adafruit",
  title="{	Feather M0 Basic}",
  note= {\url{	https://www.adafruit.com/product/2772}, accessed 11-2-2018},
}
@misc{LoRa,
  author="Adafruit",
  title="{	Feather M0 LoRa Radio}",
  note= {\url{	https://www.adafruit.com/product/3178}, accessed 11-2-2018},
}
@misc{wifi,
  author="Adafruit",
  title="{	Feather M0 Wi-Fi}",
  note= {\url{	https://www.adafruit.com/product/3061}, accessed 11-2-2018},
}
@misc{bitbucket,
  author="Bitbucket",
  title="{	The Git Solution for professional teams}",
  note= {\url{	https://bitbucket.org/product}, accessed 11-2-2018},
}

@misc{sourceforge,
    author="SourceForge",
    title="{  Open Source community resource}",
    note={\url{  https://sourceforge.net/about}, accessed 11-2-2018},
}
@misc{inventor,
    author="AutoDesk",
    title="{ 3D CAD Software for product devlopment}",
    note={\url{https://www.autodesk.com/products/inventor/features}, accessed 11-2-2018},
}
@misc{onshape,
    author="Onshape",
    title="{Modern Professional 3D CAD in a Secure Cloud Workspace}",
    note={\url{https://www.onshape.com/lp/modern-3d-cad-capterra}, accessed 11-2-2018}
}
@misc{autocad,
    author="AutoDesk",
    title="{CAD software to design anything}",
    note={\url{https://www.autodesk.com/products/autocad/overview}, accessed 11-2-2018}
}