@misc{Intel,
  author="Intel",
  title="{Arduino IDE}",
  note= {\url{	https://www.intel.com/content/www/us/en/support/articles/000006321/boards-and-kits/intel-galileo-boards.html}, accessed 11-2-2018},
}

@misc{Intel2,
  author="Intel",
  title="{Arduino IDE}",
  note= {\url{https://learn.adafruit.com/adafruit-feather-m0-adalogger/power-management}, accessed 11-2-2018},
}

@misc{DZone,
  author="DZone IoT",
  title="{Top Ten Ardunio Alternatives to Start Programming}",
  note= {\url{https://dzone.com/articles/10-arduino-ide-alternatives-to-start-programming}, accessed 11-2-2018},
}

@misc{FrancescoAzzola,
  author="Francesco Azzola",
  title="{Arduino Alternative IDE: PlatformIO IoT integrated platform}",
  note= {\url{https://www.survivingwithandroid.com/2016/07/arduino-alternative-ide.html}, accessed 11-2-2018},
}

@misc{LadyAda,
  author="Lady Ada",
  title="{Power Management}",
  note= {\url{https://learn.adafruit.com/adafruit-feather-m0-adalogger/power-management}, accessed 11-2-2018},
}

@misc{ChrisMinnick,
  author="Chris Minnick",
  title="{JavaScript For Dummies}",
  note= {\url{https://www.dummies.com/web-design-development/javascript/what-is-javascript/}, accessed 11-2-2018},
}

@misc{Wiki,
  author="Wikipedia Editors",
  title="{JavaScript}",
  note= {\url{https://en.wikipedia.org/wiki/JavaScript
}, accessed 11-2-2018},
}

https://www.w3schools.com/css/css_intro.asp

@misc{W3Schools,
  author="W3Schools",
  title="{CSS Introduction}",
  note= {\url{https://www.w3schools.com/css/css_intro.asp

}, accessed 11-2-2018},
}

@misc{WikiHTML,
  author="Wikipedia Editors",
  title="{HTML}",
  note= {\url{https://en.wikipedia.org/wiki/HTML#Markup
}, accessed 11-2-2018},
}
