@misc{piezosensor,
  author="Wikipedia.org",
  title="{Piezoelectric sensor}",
  note= {\url{	https://en.wikipedia.org/wiki/Piezoelectric_sensor}, accessed 11-2-2018},
}
@misc{grovepiezosensor,
  author="Seeedstudio.com",
  title="{Grove - Piezo Vibration Sensor}",
  note= {\url{	https://www.seeedstudio.com/Grove-Piezo-Vibration-Sensor-p-1411.html}, accessed 11-2-2018},
}
@misc{accelerator,
  author="Dimension Engineering",
  title="{A beginner’s guide to accelerometers}",
  note= {\url{	https://www.dimensionengineering.com/info/accelerometers}, accessed 11-2-2018},
}
@misc{mems,
  author="TE Connectivity",
  title="{Accelerometer Types}",
  note= {\url{	https://www.te.com/usa-en/industries/sensor-solutions/insights/types-of-accelerometers.html#chapter-5-dl}, accessed 11-2-2018},
}
@misc{pushingbox,
  author="Pushingbox.com",
  title="{PushingBox, Notifications for your Internet of Things devices}",
  note= {\url{	https://www.pushingbox.com/}, accessed 11-2-2018},
}
@misc{realtimepushingbox,
  author="Tom DeBell",
  title="{Successful "Real Time" Data Logging (Finally!) - A Step by Step Walk Through}",
  note= {\url{	http://www.open-sensing.org/evaporometerblog/datalog}, accessed 11-2-2018},
}
@misc{omni,
  author="Omniinstruments.co.uk",
  title="{GRD-3G Series Data Logger with Mobile \& Satellite Communications}",
  note= {\url{	http://www.omniinstruments.co.uk/data-logger-multi-channel-programmable/remote-data-logging-web-enabled-gprs-ethernet-and-wireless-systems/grd-3g-series-data-logger.html}, accessed 11-2-2018},
}
@misc{jens,
  author="Jens Christoffersen",
  title="{Using a SIM900A to Send Sensor Data to a Website}",
  note= {\url{	https://www.allaboutcircuits.com/projects/using-a-sim900a-to-send-sensor-data-to-a-website/}, accessed 11-2-2018},
}
@misc{weather,
  author="Rui Santos",
  title="{ESP8266 – Wireless Weather Station with Data Logging to Excel}",
  note= {\url{	https://randomnerdtutorials.com/esp8266-wireless-weather-station-with-data-logging-to-excel/}, accessed 11-2-2018},
}
@misc{mysql,
  author="camilo.n1012",
  title="{SAVE DATA OF TEMPERATURE AND HUMIDITY ON MYSQL WITH ARDUINO UNO AND WIFLY}",
  note= {\url{	https://www.instructables.com/id/Save-data-of-temperature-and-humidity-on-MySQL-wit/}, accessed 11-2-2018},
}